<?xml version="1.0" encoding="UTF-8"?>
<record>
  <leader>00801ntm#a2200241#c#4500</leader>
  <controlfield tag="005">20210409164237.0</controlfield>
  <controlfield tag="007">tu</controlfield>
  <controlfield tag="008">200506|1650####xx############|||#|#nds#c</controlfield>
  <controlfield tag="003">DE-605</controlfield>
  <controlfield tag="001">990366394400206441</controlfield>
  <datafield tag="035" ind1=" " ind2=" ">
    <subfield code="a">(DE-605)HT020446683</subfield>
  </datafield>
  <datafield tag="040" ind1=" " ind2=" ">
    <subfield code="a">6</subfield>
    <subfield code="b">ger</subfield>
    <subfield code="e">rakwb</subfield>
  </datafield>
  <datafield tag="041" ind1=" " ind2=" ">
    <subfield code="a">nds</subfield>
  </datafield>
  <datafield tag="044" ind1=" " ind2=" ">
    <subfield code="c">XA-DXDE</subfield>
  </datafield>
  <datafield tag="245" ind1="0" ind2="0">
    <subfield code="a">Medizinisches Rezeptbuch in niederdeutsch-westfälischer Sprache</subfield>
  </datafield>
  <datafield tag="264" ind1=" " ind2="1">
    <subfield code="a">[o.O.]</subfield>
    <subfield code="c">[ca. 1650]</subfield>
  </datafield>
  <datafield tag="300" ind1=" " ind2=" ">
    <subfield code="a">116 Bl.</subfield>
    <subfield code="c">22 x 33 cm</subfield>
  </datafield>
  <datafield tag="500" ind1=" " ind2=" ">
    <subfield code="a">Einband: Pergamenteinband unter Verwendung einer niederdt. Handschrift aus dem 16. Jahrhundert</subfield>
    <subfield code="9">F:512</subfield>
  </datafield>
  <datafield tag="500" ind1=" " ind2=" ">
    <subfield code="a">Sammlung von medizinischen Rezepten von mehreren Schreiberhänden mit späteren Nachträgen</subfield>
    <subfield code="9">F:517</subfield>
  </datafield>
  <datafield tag="546" ind1=" " ind2=" ">
    <subfield code="a">Handschriftlich</subfield>
  </datafield>
  <datafield tag="964" ind1="0" ind2="s">
    <subfield code="F">030</subfield>
    <subfield code="A">a|zuc||||||37</subfield>
  </datafield>
  <datafield tag="964" ind1="0" ind2="s">
    <subfield code="F">050</subfield>
    <subfield code="A">|a||||||||||||</subfield>
  </datafield>
  <datafield tag="964" ind1="0" ind2="s">
    <subfield code="F">051</subfield>
    <subfield code="A">m|||||||</subfield>
  </datafield>
  <datafield tag="MBD" ind1=" " ind2=" ">
    <subfield code="M">49HBZ_NETWORK</subfield>
    <subfield code="i">990366394400206441</subfield>
    <subfield code="n">HBZ Network</subfield>
  </datafield>
  <datafield tag="MBD" ind1=" " ind2=" ">
    <subfield code="M">49HBZ_ULM</subfield>
    <subfield code="i">991029342049706449</subfield>
    <subfield code="n">Universität Münster</subfield>
  </datafield>
  <datafield tag="MNG" ind1=" " ind2=" ">
    <subfield code="c">System</subfield>
    <subfield code="f">ILS</subfield>
    <subfield code="i">marc21</subfield>
    <subfield code="k">01</subfield>
    <subfield code="e">false</subfield>
    <subfield code="d">2021-04-09 16:42:37 Europe/Berlin</subfield>
    <subfield code="g">036639440-HBZ01</subfield>
    <subfield code="j">60</subfield>
    <subfield code="a">import</subfield>
    <subfield code="b">2021-04-05 13:14:15 Europe/Berlin</subfield>
  </datafield>
  <datafield tag="H52" ind1="8" ind2=" ">
    <subfield code="b">HLS</subfield>
    <subfield code="c">HLS_HSMAG</subfield>
    <subfield code="h">Ms N.R. 301</subfield>
    <subfield code="8">22534915270006449</subfield>
  </datafield>
  <datafield tag="HOL" ind1=" " ind2=" ">
    <subfield code="b">2022-07-11 10:17:47</subfield>
    <subfield code="8">22534915270006449</subfield>
    <subfield code="M">49HBZ_ULM</subfield>
    <subfield code="g">false</subfield>
    <subfield code="a">import</subfield>
  </datafield>
  <datafield tag="ITM" ind1=" " ind2=" ">
    <subfield code="H">22534915270006449</subfield>
    <subfield code="x">HLS_HSMAG</subfield>
    <subfield code="f">OTHER</subfield>
    <subfield code="v">HLS_HSMAG</subfield>
    <subfield code="X">AMO_TL2_FIX</subfield>
    <subfield code="U">2022-07-10 12:59:00 Europe/Berlin</subfield>
    <subfield code="Y">2022-07-12 13:10:54 Europe/Berlin</subfield>
    <subfield code="h">false</subfield>
    <subfield code="J">Bestellung und Benutzung im Handschriften-LS</subfield>
    <subfield code="Q">SISIS-Ausleihzähler Migrationsjahr: 0 | SISIS-Ausleihzähler Vor-Migrationsjahr: 0 | SISIS-Ausleihzähler vorletztes Migrationsjahr: 0</subfield>
    <subfield code="M">49HBZ_ULM</subfield>
    <subfield code="s">1</subfield>
    <subfield code="d">8</subfield>
    <subfield code="V">import</subfield>
    <subfield code="L">AkzNrHss 1990.396</subfield>
    <subfield code="b">6-00461456-X</subfield>
    <subfield code="O">Fernleihkonditionen: 3</subfield>
    <subfield code="a">23534915260006449</subfield>
    <subfield code="R">DBS-Systematik: 0</subfield>
    <subfield code="c">Ms N.R. 301</subfield>
    <subfield code="W">2022-07-11 12:17:47 Europe/Berlin</subfield>
    <subfield code="u">HLS</subfield>
    <subfield code="w">HLS</subfield>
  </datafield>
</record>
